@article{slaterunifying2013,
  author={Slater, Graham J. and Harmon, Luke J.},
  title={Unifying fossils and phylogenies for comparative analyses of diversification and trait evolution},
  journal={Methods in Ecology and Evolution},
  volume={4},
  number={8},
  issn={2041-210X},
  doi={10.1111/2041-210X.12091},
  pages={699-702},
  year={2013}
}

@article{fritzdiversity2013,
  title={Diversity in time and space: wanted dead and alive},
  journal={Trends in Ecology and Evolution},
  volume={28},
  number={9},
  pages={509 - 516},
  year={2013},
  issn={0169-5347},
  doi={http://dx.doi.org/10.1016/j.tree.2013.05.004},
  author={Susanne A. Fritz and Jan Schnitzler and Jussi T. Eronen and Christian Hof and Katrin Böhning-Gaese and Catherine H. Graham}
}

@article{Wood01032013,
	author = {Wood, Hannah Marie and Matzke, Nicholas J. and Gillespie, Rosemary G. and Griswold, Charles E.}, 
	title = {Treating Fossils as Terminal Taxa in Divergence Time Estimation Reveals Ancient Vicariance Patterns in the Palpimanoid Spiders},
	volume = {62}, 
	number = {2}, 
	pages = {264-284}, 
	year = {2013}, 
	doi = {10.1093/sysbio/sys092}, 
	journal = {Systematic Biology} 
}

@article{ronquista2012,
  title={A total-evidence approach to dating with fossils, applied to the early radiation of the {H}ymenoptera.},
  author={Ronquist, Fredrik and Klopfstein, Seraina and Vilhelmsen, Lars and Schulmeister, Susanne and Murray, Debra and Rasnitsyn, Alexandr},
  journal={Systematic Biology},
  volume={61},
  number={6},
  pages={973-999},
  year={2012},
  doi={10.1093/sysbio/sys058}
}

@article{beckancient2014,
  title={Ancient dates or accelerated rates? {M}orphological clocks and the antiquity of placental mammals.},
  author={Beck, Robin M and Lee, Michael S},
  journal={Proceedings of the Royal Society B: Biological Sciences},
  volume={281},
  number={20141278},
  year={2014},
  pages={1-10},
  doi={10.1098/rspb.2014.1278}
}

@article{Meseguer01032015,
	author = {Meseguer, Andrea S. and Lobo, Jorge M. and Ree, Richard and Beerling, David J. and Sanmartín, Isabel}, 
	title = {Integrating Fossils, Phylogenies, and Niche Models into Biogeography to Reveal Ancient Evolutionary History: The Case of Hypericum (Hypericaceae)},
	volume = {64}, 
	number = {2}, 
	pages = {215-232}, 
	year = {2015}, 
	doi = {10.1093/sysbio/syu088}, 
	journal = {Systematic Biology} 
}

@article{eernissetaxonomic1993,
  title={Taxonomic congruence versus total evidence, and amniote phylogeny inferred from fossils, molecules, and morphology.},
  author={Eernisse, D. and Kluge, A.},
  journal={Molecular Biology and Evolution},
  volume={10},
  number={6},
  pages={1170-1195},
  year={1993}
}

@article{pyrondivergence2011,
  title={Divergence time estimation using fossils as terminal taxa and the origins of {L}issamphibia.},
  author={Pyron, R},
  journal={Systematic Biology},
  volume={60},
  number={4},
  pages={466-481},
  year={2011},
  doi={10.1093/sysbio/syr047}
}

@article{schragocombining2013,
  title={Combining fossil and molecular data to date the diversification of {N}ew {W}orld {P}rimates.},
  author={Schrago, C and Mello, B and Soares, A},
  journal={Journal of Evolutionary Biology},
  volume={26},
  number={11},
  pages={2438-2446},
  year={2013},
  doi={10.1111/jeb.12237}
}

@article{slaterphylogenetic2013,
  author={Slater, Graham J.},
  title={Phylogenetic evidence for a shift in the mode of mammalian body size evolution at the Cretaceous-Palaeogene boundary},
  journal={Methods in Ecology and Evolution},
  volume={4},
  number={8},
  issn={2041-210X},
  doi={10.1111/2041-210X.12084},
  pages={734-744},
  year={2013}
}

@article{sansomfossilization2013,
  author={Sansom, Robert S. and Wills, Matthew A.},
  date={2013/08/29/online},
  journal={Scientific Reports},
  publisher={Macmillan Publishers Limited. All rights reserved},
  title={Fossilization causes organisms to appear erroneously primitive by distorting evolutionary trees},
  pages={1-5},
  volume={3},
  year={2013}
}

@article{GuillermeCooper,
    author = {Guillerme, Thomas and Cooper, Natalie},
    journal = {Molecular Phylogenetics and Evolution},
    publisher = {Elsevier},
    title = {Effects of missing data on topological inference using a Total Evidence approach},
    year = {2015},
    volume = {X},
    url = {X},
    pages = {X},
    number = {X},
    doi = {XXX}
}        

@article{morphobank,
  author={O'Leary, Maureen A. and Kaufman, Seth},
  title={MorphoBank: phylophenomics in the cloud},
  journal={Cladistics},
  volume={27},
  number={5},
  publisher={Blackwell Publishing Ltd},
  issn={1096-0031},
  doi={10.1111/j.1096-0031.2011.00355.x},
  pages={529-537},
  year={2011}
}

@article{BinindaEmonds,
	Author = {Bininda-Emonds, Olaf R. P. and Cardillo, Marcel and Jones, Kate E. and MacPhee, Ross D. E. and Beck, Robin M. D. and Grenyer, Richard and Price, Samantha A. and Vos, Rutger A. and Gittleman, John L. and Purvis, Andy},
	Isbn = {0028-0836},
	Journal = {Nature},
	doi = {10.1038/nature05634},
	Month = {03},
	Number = {7135},
	Pages = {507--512},
	Publisher = {Nature Publishing Group},
	Title = {The delayed rise of present-day mammals},
	Volume = {446},
	Year = {2007}
}

@book{wilson2005mammal,
  title={Mammal species of the world: a taxonomic and geographic reference},
  author={Wilson, Don E and Reeder, DeeAnn M},
  volume={1},
  year={2005},
  publisher={JHU Press}
}

@article {wagner2000,
  author={Wagner, Peter J.},
  title={Exhaustion of morphologic character states among fossil taxa},
  journal={Evolution},
  volume={54},
  number={2},
  publisher={Blackwell Publishing Ltd},
  issn={1558-5646},
  pages={365-386},
  year={2000}
}

@article {Brazeau2011,
	author = {Brazeau, Martin D.},
	title = {Problematic character coding methods in morphology and their effects},
	journal = {Biological Journal of the Linnean Society},
	volume = {104},
	number = {3},
	publisher = {Blackwell Publishing Ltd},
	issn = {1095-8312},
	doi = {10.1111/j.1095-8312.2011.01755.x},
	pages = {489--498},
	year = {2011}
}

@article{harrisonamong-character2014,
	author = {Harrison, Luke B. and Larsson, Hans C. E.}, 
	title = {Among-Character Rate Variation Distributions in Phylogenetic Analysis of Discrete Morphological Characters},
	volume = {64}, 
	number = {2}, 
	pages = {307-324}, 
	year = {2015}, 
	doi = {10.1093/sysbio/syu098}, 
	journal = {Systematic Biology} 
}

@article{webb2002phylogenies,
  title={Phylogenies and community ecology},
  author={Webb, Campbell O and Ackerly, David D and McPeek, Mark A and Donoghue, Michael J},
  journal={Annual review of ecology and systematics},
  pages={475--505},
  year={2002},
  publisher={JSTOR}
}

@article {Cooper2008,
	author = {Cooper, Natalie and Rodr{\'\i}guez, Jes{\'u}s and Purvis, Andy},
	title = {A common tendency for phylogenetic overdispersion in mammalian assemblages},
	volume = {275},
	number = {1646},
	pages = {2031--2037},
	year = {2008},
	doi = {10.1098/rspb.2008.0420},
	publisher = {The Royal Society},
	journal = {Proceedings of the Royal Society of London B: Biological Sciences}
}

@article{picante,
    title = {Picante: {R} tools for integrating phylogenies and ecology},
    author = {S.W. Kembel and P.D. Cowan and M.R. Helmus and W.K. Cornwell and H. Morlon and D.D. Ackerly and S.P. Blomberg and C.O. Webb},
    journal = {Bioinformatics},
    volume = {26},
    pages = {1463--1464},
    year = {2010}
  }

@Manual{R,
  title={R: a language and environment for statistical computing},
  author={{R Core Team}},
  organization={R Foundation for Statistical Computing},
  address={Vienna, Austria},
  year={2015},
  url={http://www.R-project.org}
}

@article{meredithimpacts2011,
  title={Impacts of the {C}retaceous terrestrial revolution and {KPg} extinction on mammal diversification.},
  author={Meredith, Robert and Jane\v{c}ka, Jan and Gatesy, John and Ryder, Oliver and Fisher, Colleen and Teeling, Emma and Goodbla, Alisha and Eizirik, Eduardo and Sim\~{a}o, Taiz L and Stadler, Tanja and Rabosky, Daniel and Honeycutt, Rodney and Flynn, John and Ingram, Colleen and Steiner, Cynthia and Williams, Tiffani and Robinson, Terence and {Burk-Herrick,} Angela and Westerman, Michael and Ayoub, Nadia and Springer, Mark and Murphy, William},
  journal={Science},
  volume={334},
  number={6055},
  pages={521-524},
  year={2011},
  doi={10.1126/science.1211028}
}

@article{O'Leary08022013,
  author={O'Leary, Maureen A. and Bloch, Jonathan I. and Flynn, John J. and Gaudin, Timothy J. and Giallombardo, Andres and Giannini, Norberto P. and Goldberg, Suzann L. and Kraatz, Brian P. and Luo, Zhe-Xi and Meng, Jin and Ni, Xijun and Novacek, Michael J. and Perini, Fernando A. and Randall, Zachary S. and Rougier, Guillermo W. and Sargis, Eric J. and Silcox, Mary T. and Simmons, Nancy B. and Spaulding, Michelle and Velazco, Paúl M. and Weksler, Marcelo and Wible, John R. and Cirranello, Andrea L.}, 
  title={The placental mammal ancestor and the post–{K}-{P}g radiation of placentals},
  volume={339}, 
  number={6120}, 
  pages={662-667}, 
  year={2013}, 
  doi={10.1126/science.1229237}, 
  journal={Science}
}
@article{ni2013oldest,
  title={The oldest known primate skeleton and early haplorhine evolution},
  author={Ni, Xijun and Gebo, Daniel L and Dagosto, Marian and Meng, Jin and Tafforeau, Paul and Flynn, John J and Beard, K Christopher},
  journal={Nature},
  volume={498},
  number={7452},
  pages={60--64},
  year={2013},
  publisher={Nature Publishing Group}
}

@article{kearneyfragmentary2002,
  title={Fragmentary taxa, missing data, and ambiguity: mistaken assumptions and conclusions.},
  author={Kearney, Maureen},
  journal={Systematic Biology},
  volume={51},
  number={2},
  pages={369-381},
  year={2002},
  doi={10.1080/10635150252899824},
}

@article{ross1998phylogenetic,
  title={Phylogenetic analysis of anthropoid relationships},
  author={Ross, Callum and Williams, Blythe and Kay, Richard F},
  journal={Journal of Human Evolution},
  volume={35},
  number={3},
  pages={221--306},
  year={1998},
  publisher={Elsevier}
}

@article{marivaux2005anthropoid,
  title={Anthropoid primates from the Oligocene of Pakistan (Bugti Hills): data on early anthropoid evolution and biogeography},
  author={Marivaux, Laurent and Antoine, Pierre-Olivier and Baqri, Syed Rafiqul Hassan and Benammi, Mouloud and Chaimanee, Yaowalak and Crochet, Jean-Yves and De Franceschi, Dario and Iqbal, Nayyer and Jaeger, Jean-Jacques and M{\'e}tais, Gr{\'e}goire and others},
  journal={Proceedings of the National Academy of Sciences of the United States of America},
  volume={102},
  number={24},
  pages={8436--8441},
  year={2005},
  publisher={National Acad Sciences}
}

