@article{ross1998phylogenetic,
  title={Phylogenetic analysis of anthropoid relationships},
  author={Ross, Callum and Williams, Blythe and Kay, Richard F},
  journal={J. Hum. Evol.},
  volume={35},
  number={3},
  pages={221--306},
  year={1998},
  publisher={Elsevier}
}

@article{seiffert2003fossil,
  title={Fossil evidence for an ancient divergence of lorises and galagos},
  author={Seiffert, Erik R and Simons, Elwyn L and Attia, Yousry},
  journal={Nature},
  volume={422},
  number={6930},
  pages={421--424},
  year={2003},
  publisher={Nature Publishing Group}
}

@article{marivaux2005anthropoid,
  title={Anthropoid primates from the Oligocene of Pakistan (Bugti Hills): data on early anthropoid evolution and biogeography},
  author={Marivaux, Laurent and Antoine, Pierre-Olivier and Baqri, Syed Rafiqul Hassan and Benammi, Mouloud and Chaimanee, Yaowalak and Crochet, Jean-Yves and De Franceschi, Dario and Iqbal, Nayyer and Jaeger, Jean-Jacques and M{\'e}tais, Gr{\'e}goire and others},
  journal={Proc. Nat. Acad. Sci.},
  volume={102},
  number={24},
  pages={8436--8441},
  year={2005},
  publisher={National Acad Sciences}
}

@article{seiffert2005basal,
  title={Basal anthropoids from Egypt and the antiquity of Africa's higher primate radiation},
  author={Seiffert, Erik R and Simons, Elwyn L and Clyde, William C and Rossie, James B and Attia, Yousry and Bown, Thomas M and Chatrath, Prithijit and Mathison, Mark E},
  journal={Science},
  volume={310},
  number={5746},
  pages={300--304},
  year={2005},
  publisher={American Association for the Advancement of Science}
}

@article{bloch2007new,
  title={New Paleocene skeletons and the relationship of plesiadapiforms to crown-clade primates},
  author={Bloch, Jonathan I and Silcox, Mary T and Boyer, Doug M and Sargis, Eric J},
  journal={Proc. Nat. Acad. Sci.},
  volume={104},
  number={4},
  pages={1159--1164},
  year={2007},
  publisher={National Acad Sciences}
}

@article{kay2008anatomy,
  title={The anatomy of Dolichocebus gaimanensis, a stem platyrrhine monkey from Argentina},
  author={Kay, Richard F and Fleagle, JG and Mitchell, TRT and Colbert, Matthew and Bown, Tom and Powers, Dennis W},
  journal={J. Hum. Evol.},
  volume={54},
  number={3},
  pages={323--382},
  year={2008},
  publisher={Elsevier}
}

@incollection{silcox2008biogeographic,
  title={The biogeographic origins of Primates and Euprimates: east, west, north, or south of Eden?},
  author={Silcox, Mary T},
  booktitle={Mammalian Evolutionary Morphology},
  pages={199--231},
  year={2008},
  publisher={Springer}
}

@article{seiffert2009convergent,
  title={Convergent evolution of anthropoid-like adaptations in Eocene adapiform primates},
  author={Seiffert, Erik R and Perry, Jonathan MG and Simons, Elwyn L and Boyer, Doug M},
  journal={Nature},
  volume={461},
  number={7267},
  pages={1118--1121},
  year={2009},
  publisher={Nature Publishing Group}
}

@article{tabuce2009anthropoid,
  title={Anthropoid versus strepsirhine status of the African Eocene primates Algeripithecus and Azibius: craniodental evidence},
  author={Tabuce, Rodolphe and Marivaux, Laurent and Lebrun, Renaud and Adaci, Mohammed and Bensalah, Mustapha and Fabre, Pierre-Henri and Fara, Emmanuel and Rodrigues, Helder Gomes and Hautier, Lionel and Jaeger, Jean-Jacques and others},
  journal={P. Roy. Soc. B-Biol. Sci.s},
  pages={rspb20091339},
  year={2009},
  publisher={The Royal Society}
}

@article{boyer2010astragalar,
  title={Astragalar morphology of Afradapis, a large adapiform primate from the earliest late Eocene of Egypt},
  author={Boyer, Doug M and Seiffert, Erik R and Simons, Elwyn L},
  journal={Am. J. Phys. Anthropol.},
  volume={143},
  number={3},
  pages={383--402},
  year={2010},
  publisher={Wiley Online Library}
}

@article{seiffert2010fossil,
  title={A fossil primate of uncertain affinities from the earliest late Eocene of Egypt},
  author={Seiffert, Erik R and Simons, Elwyn L and Boyer, Doug M and Perry, Jonathan MG and Ryan, Timothy M and Sallam, Hesham M},
  journal={Proc. Nat. Acad. Sci.},
  volume={107},
  number={21},
  pages={9712--9717},
  year={2010},
  publisher={National Acad Sciences}
}

@article{marivaux2013djebelemur,
  title={Djebelemur, a tiny pre-tooth-combed primate from the Eocene of Tunisia: a glimpse into the origin of crown strepsirhines},
  author={Marivaux, Laurent and Ramdarshan, Anusha and Essid, El Mabrouk and Marzougui, Wissem and Ammar, Hayet Khayati and Lebrun, Renaud and Marandat, Bernard and Merzeraud, Gilles and Tabuce, Rodolphe and Vianey-Liaud, Monique},
  journal={PloS ONE},
  volume={8},
  number={12},
  pages={e80778},
  year={2013},
  publisher={Public Library of Science}
}

@article{ni2013oldest,
  title={The oldest known primate skeleton and early haplorhine evolution},
  author={Ni, Xijun and Gebo, Daniel L and Dagosto, Marian and Meng, Jin and Tafforeau, Paul and Flynn, John J and Beard, K Christopher},
  journal={Nature},
  volume={498},
  number={7452},
  pages={60--64},
  year={2013},
  publisher={Nature Publishing Group}
}

@article{bininda-emondsthe2007,
  title={The delayed rise of present-day mammals.},
  author={{Bininda-Emonds}, Olaf R and Cardillo, Marcel and Jones, Kate E and {MacPhee}, Ross D and Beck, Robin M and Grenyer, Richard and Price, Samantha A and Vos, Rutger A and Gittleman, John L and Purvis, Andy},
  journal={Nature},
  volume={446},
  number={7135},
  pages={507-512},
  year={2007},
  doi={10.1038/nature05634},
  url={http://dx.doi.org/10.1038/nature05634}
}

@book{wilson2005mammal,
	Author = {Wilson, Don E and Reeder, DeeAnn M},
	Publisher = {JHU Press},
	Title = {Mammal species of the world: a taxonomic and geographic reference},
	Volume = {1},
	Year = {2005}
}