%% This BibTeX bibliography file was created using BibDesk.
%% http://bibdesk.sourceforge.net/


%% Created for Thomas Guillerme at 2015-07-22 15:27:03 +0100 


%% Saved with string encoding Unicode (UTF-8) 



@article{slaterunifying2013,
	Author = {Slater, Graham J. and Harmon, Luke J.},
	Doi = {10.1111/2041-210X.12091},
	Issn = {2041-210X},
	Journal = {Methods in Ecology and Evolution},
	Number = {8},
	Pages = {699-702},
	Title = {Unifying fossils and phylogenies for comparative analyses of diversification and trait evolution},
	Volume = {4},
	Year = {2013},
	Bdsk-Url-1 = {http://dx.doi.org/10.1111/2041-210X.12091}}

@article{fritzdiversity2013,
	Author = {Susanne A. Fritz and Jan Schnitzler and Jussi T. Eronen and Christian Hof and Katrin B{\"o}hning-Gaese and Catherine H. Graham},
	Doi = {http://dx.doi.org/10.1016/j.tree.2013.05.004},
	Issn = {0169-5347},
	Journal = {Trends in Ecology and Evolution},
	Number = {9},
	Pages = {509 - 516},
	Title = {Diversity in time and space: wanted dead and alive},
	Volume = {28},
	Year = {2013},
	Bdsk-Url-1 = {http://dx.doi.org/10.1016/j.tree.2013.05.004}}

@article{Wood01032013,
	Author = {Wood, Hannah Marie and Matzke, Nicholas J. and Gillespie, Rosemary G. and Griswold, Charles E.},
	Doi = {10.1093/sysbio/sys092},
	Journal = {Systematic Biology},
	Number = {2},
	Pages = {264-284},
	Title = {Treating Fossils as Terminal Taxa in Divergence Time Estimation Reveals Ancient Vicariance Patterns in the Palpimanoid Spiders},
	Volume = {62},
	Year = {2013},
	Bdsk-Url-1 = {http://dx.doi.org/10.1093/sysbio/sys092}}

@article{ronquista2012,
	Author = {Ronquist, Fredrik and Klopfstein, Seraina and Vilhelmsen, Lars and Schulmeister, Susanne and Murray, Debra and Rasnitsyn, Alexandr},
	Doi = {10.1093/sysbio/sys058},
	Journal = {Systematic Biology},
	Number = {6},
	Pages = {973-999},
	Title = {A total-evidence approach to dating with fossils, applied to the early radiation of the {H}ymenoptera.},
	Volume = {61},
	Year = {2012},
	Bdsk-Url-1 = {http://dx.doi.org/10.1093/sysbio/sys058}}

@article{beckancient2014,
	Author = {Beck, Robin M and Lee, Michael S},
	Doi = {10.1098/rspb.2014.1278},
	Journal = {Proceedings of the Royal Society B: Biological Sciences},
	Number = {20141278},
	Pages = {1-10},
	Title = {Ancient dates or accelerated rates? {M}orphological clocks and the antiquity of placental mammals.},
	Volume = {281},
	Year = {2014},
	Bdsk-Url-1 = {http://dx.doi.org/10.1098/rspb.2014.1278}}

@article{Meseguer01032015,
	Author = {Meseguer, Andrea S. and Lobo, Jorge M. and Ree, Richard and Beerling, David J. and Sanmart{\'\i}n, Isabel},
	Doi = {10.1093/sysbio/syu088},
	Journal = {Systematic Biology},
	Number = {2},
	Pages = {215-232},
	Title = {Integrating Fossils, Phylogenies, and Niche Models into Biogeography to Reveal Ancient Evolutionary History: The Case of Hypericum (Hypericaceae)},
	Volume = {64},
	Year = {2015},
	Bdsk-Url-1 = {http://dx.doi.org/10.1093/sysbio/syu088}}

@article{eernissetaxonomic1993,
	Author = {Eernisse, D. and Kluge, A.},
	Journal = {Molecular Biology and Evolution},
	Number = {6},
	Pages = {1170-1195},
	Title = {Taxonomic congruence versus total evidence, and amniote phylogeny inferred from fossils, molecules, and morphology.},
	Volume = {10},
	Year = {1993}}

@article{pyrondivergence2011,
	Author = {Pyron, R},
	Doi = {10.1093/sysbio/syr047},
	Journal = {Systematic Biology},
	Number = {4},
	Pages = {466-481},
	Title = {Divergence time estimation using fossils as terminal taxa and the origins of {L}issamphibia.},
	Volume = {60},
	Year = {2011},
	Bdsk-Url-1 = {http://dx.doi.org/10.1093/sysbio/syr047}}

@article{schragocombining2013,
	Author = {Schrago, C and Mello, B and Soares, A},
	Doi = {10.1111/jeb.12237},
	Journal = {Journal of Evolutionary Biology},
	Number = {11},
	Pages = {2438-2446},
	Title = {Combining fossil and molecular data to date the diversification of {N}ew {W}orld {P}rimates.},
	Volume = {26},
	Year = {2013},
	Bdsk-Url-1 = {http://dx.doi.org/10.1111/jeb.12237}}

@article{slaterphylogenetic2013,
	Author = {Slater, Graham J.},
	Doi = {10.1111/2041-210X.12084},
	Issn = {2041-210X},
	Journal = {Methods in Ecology and Evolution},
	Number = {8},
	Pages = {734-744},
	Title = {Phylogenetic evidence for a shift in the mode of mammalian body size evolution at the Cretaceous-Palaeogene boundary},
	Volume = {4},
	Year = {2013},
	Bdsk-Url-1 = {http://dx.doi.org/10.1111/2041-210X.12084}}

@article{sansomfossilization2013,
	Author = {Sansom, Robert S. and Wills, Matthew A.},
	Date = {2013/08/29/online},
	Journal = {Scientific Reports},
	Pages = {1-5},
	Publisher = {Macmillan Publishers Limited. All rights reserved},
	Title = {Fossilization causes organisms to appear erroneously primitive by distorting evolutionary trees},
	Volume = {3},
	Year = {2013}}

@article{GuillermeCooper,
	Author = {Guillerme, Thomas and Cooper, Natalie},
	Doi = {XXX},
	Journal = {Molecular Phylogenetics and Evolution},
	Number = {X},
	Pages = {X},
	Publisher = {Elsevier},
	Title = {Effects of missing data on topological inference using a Total Evidence approach},
	Url = {X},
	Volume = {X},
	Year = {2015},
	Bdsk-Url-1 = {X},
	Bdsk-Url-2 = {http://dx.doi.org/XXX}}

@article{morphobank,
	Author = {O'Leary, Maureen A. and Kaufman, Seth},
	Doi = {10.1111/j.1096-0031.2011.00355.x},
	Issn = {1096-0031},
	Journal = {Cladistics},
	Number = {5},
	Pages = {529-537},
	Publisher = {Blackwell Publishing Ltd},
	Title = {MorphoBank: phylophenomics in the cloud},
	Volume = {27},
	Year = {2011},
	Bdsk-Url-1 = {http://dx.doi.org/10.1111/j.1096-0031.2011.00355.x}}

@article{BinindaEmonds,
	Author = {Bininda-Emonds, Olaf R. P. and Cardillo, Marcel and Jones, Kate E. and MacPhee, Ross D. E. and Beck, Robin M. D. and Grenyer, Richard and Price, Samantha A. and Vos, Rutger A. and Gittleman, John L. and Purvis, Andy},
	Doi = {10.1038/nature05634},
	Isbn = {0028-0836},
	Journal = {Nature},
	Month = {03},
	Number = {7135},
	Pages = {507--512},
	Publisher = {Nature Publishing Group},
	Title = {The delayed rise of present-day mammals},
	Volume = {446},
	Year = {2007},
	Bdsk-Url-1 = {http://dx.doi.org/10.1038/nature05634}}

@book{wilson2005mammal,
	Author = {Wilson, Don E and Reeder, DeeAnn M},
	Publisher = {JHU Press},
	Title = {Mammal species of the world: a taxonomic and geographic reference},
	Volume = {1},
	Year = {2005}}

@article{wagner2000,
	Author = {Wagner, Peter J.},
	Issn = {1558-5646},
	Journal = {Evolution},
	Number = {2},
	Pages = {365-386},
	Publisher = {Blackwell Publishing Ltd},
	Title = {Exhaustion of morphologic character states among fossil taxa},
	Volume = {54},
	Year = {2000}}

@article{Brazeau2011,
	Author = {Brazeau, Martin D.},
	Doi = {10.1111/j.1095-8312.2011.01755.x},
	Issn = {1095-8312},
	Journal = {Biological Journal of the Linnean Society},
	Number = {3},
	Pages = {489--498},
	Publisher = {Blackwell Publishing Ltd},
	Title = {Problematic character coding methods in morphology and their effects},
	Volume = {104},
	Year = {2011},
	Bdsk-Url-1 = {http://dx.doi.org/10.1111/j.1095-8312.2011.01755.x}}

@article{harrisonamong-character2014,
	Author = {Harrison, Luke B. and Larsson, Hans C. E.},
	Doi = {10.1093/sysbio/syu098},
	Journal = {Systematic Biology},
	Number = {2},
	Pages = {307-324},
	Title = {Among-Character Rate Variation Distributions in Phylogenetic Analysis of Discrete Morphological Characters},
	Volume = {64},
	Year = {2015},
	Bdsk-Url-1 = {http://dx.doi.org/10.1093/sysbio/syu098}}

@article{webb2002phylogenies,
	Author = {Webb, Campbell O and Ackerly, David D and McPeek, Mark A and Donoghue, Michael J},
	Journal = {Annual review of ecology and systematics},
	Pages = {475--505},
	Publisher = {JSTOR},
	Title = {Phylogenies and community ecology},
	Year = {2002}}

@article{Cooper2008,
	Author = {Cooper, Natalie and Rodr{\'\i}guez, Jes{\'u}s and Purvis, Andy},
	Doi = {10.1098/rspb.2008.0420},
	Journal = {Proceedings of the Royal Society of London B: Biological Sciences},
	Number = {1646},
	Pages = {2031--2037},
	Publisher = {The Royal Society},
	Title = {A common tendency for phylogenetic overdispersion in mammalian assemblages},
	Volume = {275},
	Year = {2008},
	Bdsk-Url-1 = {http://dx.doi.org/10.1098/rspb.2008.0420}}

@article{picante,
	Author = {S.W. Kembel and P.D. Cowan and M.R. Helmus and W.K. Cornwell and H. Morlon and D.D. Ackerly and S.P. Blomberg and C.O. Webb},
	Journal = {Bioinformatics},
	Pages = {1463--1464},
	Title = {Picante: {R} tools for integrating phylogenies and ecology},
	Volume = {26},
	Year = {2010}}

@manual{R,
	Address = {Vienna, Austria},
	Author = {{R Core Team}},
	Organization = {R Foundation for Statistical Computing},
	Title = {R: a language and environment for statistical computing},
	Url = {http://www.R-project.org},
	Year = {2015},
	Bdsk-Url-1 = {http://www.R-project.org}}

@article{meredithimpacts2011,
	Author = {Meredith, Robert and Jane\v{c}ka, Jan and Gatesy, John and Ryder, Oliver and Fisher, Colleen and Teeling, Emma and Goodbla, Alisha and Eizirik, Eduardo and Sim\~{a}o, Taiz L and Stadler, Tanja and Rabosky, Daniel and Honeycutt, Rodney and Flynn, John and Ingram, Colleen and Steiner, Cynthia and Williams, Tiffani and Robinson, Terence and {Burk-Herrick,} Angela and Westerman, Michael and Ayoub, Nadia and Springer, Mark and Murphy, William},
	Doi = {10.1126/science.1211028},
	Journal = {Science},
	Number = {6055},
	Pages = {521-524},
	Title = {Impacts of the {C}retaceous terrestrial revolution and {KPg} extinction on mammal diversification.},
	Volume = {334},
	Year = {2011},
	Bdsk-Url-1 = {http://dx.doi.org/10.1126/science.1211028}}

@article{ni2013oldest,
	Author = {Ni, Xijun and Gebo, Daniel L and Dagosto, Marian and Meng, Jin and Tafforeau, Paul and Flynn, John J and Beard, K Christopher},
	Journal = {Nature},
	Number = {7452},
	Pages = {60--64},
	Publisher = {Nature Publishing Group},
	Title = {The oldest known primate skeleton and early haplorhine evolution},
	Volume = {498},
	Year = {2013}}

@article{kearneyfragmentary2002,
	Author = {Kearney, Maureen},
	Doi = {10.1080/10635150252899824},
	Journal = {Systematic Biology},
	Number = {2},
	Pages = {369-381},
	Title = {Fragmentary taxa, missing data, and ambiguity: mistaken assumptions and conclusions.},
	Volume = {51},
	Year = {2002},
	Bdsk-Url-1 = {http://dx.doi.org/10.1080/10635150252899824}}

@article{ross1998phylogenetic,
	Author = {Ross, Callum and Williams, Blythe and Kay, Richard F},
	Journal = {Journal of Human Evolution},
	Number = {3},
	Pages = {221--306},
	Publisher = {Elsevier},
	Title = {Phylogenetic analysis of anthropoid relationships},
	Volume = {35},
	Year = {1998}}

@article{marivaux2005anthropoid,
	Author = {Marivaux, Laurent and Antoine, Pierre-Olivier and Baqri, Syed Rafiqul Hassan and Benammi, Mouloud and Chaimanee, Yaowalak and Crochet, Jean-Yves and De Franceschi, Dario and Iqbal, Nayyer and Jaeger, Jean-Jacques and M{\'e}tais, Gr{\'e}goire and others},
	Journal = {Proceedings of the National Academy of Sciences of the United States of America},
	Number = {24},
	Pages = {8436--8441},
	Publisher = {National Acad Sciences},
	Title = {Anthropoid primates from the Oligocene of Pakistan (Bugti Hills): data on early anthropoid evolution and biogeography},
	Volume = {102},
	Year = {2005}}
